<record><leader>00000cas a2200000 a 4500</leader><controlfield tag="001">12734919</controlfield><controlfield tag="007">hd afb---buca</controlfield><controlfield tag="008">851029d18241885ncuuu n a     0    0eng c</controlfield><datafield ind1=" " ind2=" " tag="010"><subfield code="a">  2010229217</subfield></datafield><datafield ind1=" " ind2=" " tag="040"><subfield code="a">EWF</subfield><subfield code="b">eng</subfield><subfield code="c">EWF</subfield><subfield code="d">FUG</subfield><subfield code="d">OCLCF</subfield><subfield code="d">OCLCO</subfield></datafield><datafield ind1=" " ind2=" " tag="042"><subfield code="a">pcc</subfield></datafield><datafield ind1="0" ind2="0" tag="245"><subfield code="a">Warrenton miscellaneous newspapers</subfield><subfield code="h">[microform].</subfield></datafield><datafield ind1=" " ind2=" " tag="260"><subfield code="a">Warrenton, N.C. :</subfield><subfield code="b">[s.n.]</subfield></datafield><datafield ind1=" " ind2=" " tag="300"><subfield code="a">v.</subfield></datafield><datafield ind1=" " ind2=" " tag="310"><subfield code="a">Weekly</subfield></datafield><datafield ind1=" " ind2=" " tag="515"><subfield code="a">Includes titles from 1824-1885.</subfield></datafield><datafield ind1=" " ind2=" " tag="500"><subfield code="a">"WanMISC-2" --Container.</subfield></datafield><datafield ind1="0" ind2="0" tag="505"><subfield code="t">The Warrenton courier, March 5, Sept. 23, 1868 --</subfield><subfield code="t">The living present, May 21, 28, July, 16, 23, 30, Aug. 27, Sept. 3, 10, 17, 24, Oct. 1, 22, 1869 --</subfield><subfield code="t">The centennial, Feb. 4, May 12, May 19, Aug. 11, 25, Nov. 17, Dec. 8, 1876 --</subfield><subfield code="t">The Warren news, Nov. 22, 29, 1878 --</subfield><subfield code="t">The Warren news, Feb. 7, March 14, April 11, July 11, Aug. 1, 22, 29, 1879 --</subfield><subfield code="t">The Warren news, Feb. 20, March 5, 19, Dec. 17, 1880 --</subfield><subfield code="t">The Warren news, Feb. 24, 1882 --</subfield><subfield code="t">Home journal, Feb. 13, 1885.</subfield></datafield><datafield ind1=" " ind2=" " tag="533"><subfield code="a">Microfilm.</subfield><subfield code="m">1868:March 5-1885:Feb. 13[ some issues missing].</subfield><subfield code="b">Raleigh, N.C. :</subfield><subfield code="c">North Carolina Dept. of Archives and History, Division of Archives and Manuscripts.</subfield><subfield code="d">1963.</subfield><subfield code="e">1 microfilm reel : positive ;  35 mm.</subfield><subfield code="n">Filmed with: The Warrenton courier, The living present, The centennial, The Warren news, Home Journal.</subfield></datafield><datafield ind1=" " ind2="0" tag="651"><subfield code="a">Warrenton (N.C.)</subfield><subfield code="v">Newspapers.</subfield></datafield><datafield ind1=" " ind2="7" tag="655"><subfield code="a">Newspapers.</subfield><subfield code="2">fast</subfield><subfield code="0">(OCoLC)fst01423814</subfield></datafield><datafield ind1=" " ind2="7" tag="651"><subfield code="a">North Carolina</subfield><subfield code="z">Warrenton.</subfield><subfield code="2">fast</subfield><subfield code="0">(OCoLC)fst01225743</subfield></datafield><datafield ind1="0" ind2="2" tag="730"><subfield code="a">Centennial (Warrenton, N.C.)</subfield></datafield><datafield ind1="0" ind2="2" tag="730"><subfield code="a">Warren news (Warrenton, N.C.)</subfield></datafield><datafield ind1="0" ind2="2" tag="730"><subfield code="a">Home journal (Warrenton, N.C.)</subfield></datafield><datafield ind1="0" ind2="2" tag="740"><subfield code="a">Warrenton courier.</subfield></datafield><datafield ind1="0" ind2="2" tag="740"><subfield code="a">Living present.</subfield></datafield><datafield ind1=" " ind2=" " tag="752"><subfield code="a">United States</subfield><subfield code="b">North Carolina</subfield><subfield code="c">Warren</subfield><subfield code="d">Warrenton.</subfield></datafield></record>